<?xml version="1.0" encoding="UTF-8"?><collection xmlns="http://www.loc.gov/MARC21/slim"><record><leader>00575nam--2200205-i-4500</leader><controlfield tag="001">000024616</controlfield><controlfield tag="002">20161230</controlfield><controlfield tag="005">20161230201035</controlfield><controlfield tag="008">060222s1000------------r-----000-0-eng-d</controlfield><datafield ind1=" " ind2=" " tag="020"><subfield code="a">3540125590</subfield></datafield><datafield ind1=" " ind2=" " tag="040"><subfield code="a">IFIN-HH</subfield></datafield><datafield ind1=" " ind2=" " tag="080"><subfield code="a">539.184.3</subfield></datafield><datafield ind1="1" ind2=" " tag="100"><subfield code="a">Janev, R.K</subfield></datafield><datafield ind1="1" ind2="0" tag="245"><subfield code="a">Physics of highly charged ions</subfield><subfield code="c">R.k. janev, l.p. presnyakov, v.p. shevelko</subfield></datafield><datafield ind1=" " ind2=" " tag="260"><subfield code="a">Berlin</subfield><subfield code="b">Springer-verlag</subfield><subfield code="c">1985</subfield></datafield><datafield ind1=" " ind2=" " tag="300"><subfield code="a">X + 330P</subfield></datafield><datafield ind1=" " ind2=" " tag="490"><subfield code="a">Springer Series In Electrophysics</subfield><subfield code="v">Volume 13</subfield></datafield><datafield ind1="1" ind2=" " tag="700"><subfield code="a">Shevelko, V.P</subfield></datafield><datafield ind1=" " ind2=" " tag="852"><subfield code="a">46525</subfield><subfield code="c">537.533</subfield></datafield><datafield ind1=" " ind2=" " tag="CAT"><subfield code="a">Sys</subfield><subfield code="c">20110830</subfield><subfield code="h">121904</subfield></datafield></record></collection>